@article{bulling2014tutorial,
  title={A tutorial on human activity recognition using body-worn inertial sensors},
  author={Bulling, Andreas and Blanke, Ulf and Schiele, Bernt},
  journal={ACM Computing Surveys (CSUR)},
  volume={46},
  number={3},
  pages={33},
  year={2014},
  publisher={ACM}
}

@misc{dehghani2019subject,
    title={Subject Cross Validation in Human Activity Recognition},
    author={Akbar Dehghani and Tristan Glatard and Emad Shihab},
    year={2019},
    eprint={1904.02666},
    archivePrefix={arXiv},
    primaryClass={cs.LG}
}


@article{najafi2003ambulatory,
  title={Ambulatory system for human motion analysis using a kinematic sensor: monitoring of daily physical activity in the elderly},
  author={Najafi, Bijan and Aminian, Kamiar and Paraschiv-Ionescu, Anisoara and Loew, Fran{\c{c}}ois and Bula, Christophe J and Robert, Philippe},
  journal={IEEE Transactions on biomedical Engineering},
  volume={50},
  number={6},
  pages={711--723},
  year={2003},
  publisher={IEEE}
}

@article{selles2005automated,
  title={Automated estimation of initial and terminal contact timing using accelerometers; development and validation in transtibial amputees and controls},
  author={Selles, Ruud W and Formanoy, Margriet AG and Bussmann, Johannes BJ and Janssens, Peter J and Stam, Henk J},
  journal={IEEE transactions on neural systems and rehabilitation engineering},
  volume={13},
  number={1},
  pages={81--88},
  year={2005},
  publisher={IEEE}
}


@inproceedings{banos2012benchmark,
  title={A benchmark dataset to evaluate sensor displacement in activity recognition},
  author={Ba{\~n}os, Oresti and Damas, Miguel and Pomares, H{\'e}ctor and Rojas, Ignacio and T{\'o}th, M{\'a}t{\'e} Attila and Amft, Oliver},
  booktitle={Proceedings of the 2012 ACM Conference on Ubiquitous Computing},
  pages={1026--1035},
  year={2012},
  organization={ACM}
}

@article{pedregosa2011scikit,
  title={Scikit-learn: Machine learning in Python},
  author={Pedregosa, Fabian and Varoquaux, Ga{\"e}l and Gramfort, Alexandre and Michel, Vincent and Thirion, Bertrand and Grisel, Olivier and Blondel, Mathieu and Prettenhofer, Peter and Weiss, Ron and Dubourg, Vincent and others},
  journal={Journal of machine learning research},
  volume={12},
  number={Oct},
  pages={2825--2830},
  year={2011}
}


@inproceedings{morris2014recofit,
  title={RecoFit: using a wearable sensor to find, recognize, and count repetitive exercises},
  author={Morris, Dan and Saponas, T Scott and Guillory, Andrew and Kelner, Ilya},
  booktitle={Proceedings of the SIGCHI Conference on Human Factors in Computing Systems},
  pages={3225--3234},
  year={2014},
  organization={ACM}
}

@article{banos2014window,
  title={Window size impact in human activity recognition},
  author={Banos, Oresti and Galvez, Juan-Manuel and Damas, Miguel and Pomares, Hector and Rojas, Ignacio},
  journal={Sensors},
  volume={14},
  number={4},
  pages={6474--6499},
  year={2014},
  publisher={Multidisciplinary Digital Publishing Institute}
}

@article{arlot2010survey,
  title={A survey of cross-validation procedures for model selection},
  author={Arlot, Sylvain and Celisse, Alain and others},
  journal={Statistics surveys},
  volume={4},
  pages={40--79},
  year={2010},
  publisher={The author, under a Creative Commons Attribution License}
}


@article{peng2011reproducible,
  title={Reproducible research in computational science},
  author={Peng, Roger D},
  journal={Science},
  volume={334},
  number={6060},
  pages={1226--1227},
  year={2011},
  publisher={American Association for the Advancement of Science}
}

@article{coggeshall2005asset,
  title={Asset Allocation and Long-Term Returns: An Empirical Approach},
  author={Coggeshall, Stephen and Wu, Guowei},
  year={2005}
}

@article{bianchi2010barometric,
  title={Barometric pressure and triaxial accelerometry-based falls event detection},
  author={Bianchi, Federico and Redmond, Stephen J and Narayanan, Michael R and Cerutti, Sergio and Lovell, Nigel H},
  journal={IEEE Transactions on Neural Systems and Rehabilitation Engineering},
  volume={18},
  number={6},
  pages={619--627},
  year={2010},
  publisher={IEEE}
}

@article{chen2014implementing,
  title={Implementing technology-based embedded assessment in the home and community life of individuals aging with disabilities: A participatory research and development study},
  author={Chen, Ke-Yu and Harniss, Mark and Patel, Shwetak and Johnson, Kurt},
  journal={Disability and Rehabilitation: Assistive Technology},
  volume={9},
  number={2},
  pages={112--120},
  year={2014},
  publisher={Taylor \& Francis}
}


@inproceedings{sousa2017comparative,
  title={A Comparative Analysis of the Impact of Features on Human Activity Recognition with Smartphone Sensors},
  author={Sousa, Wesllen and Souto, Eduardo and Rodrigres, Jonatas and Sadarc, Pedro and Jalali, Roozbeh and El-Khatib, Khalil},
  booktitle={Proceedings of the 23rd Brazillian Symposium on Multimedia and the Web},
  pages={397--404},
  year={2017},
  organization={ACM}
}


@misc{trevor2009elements,
  title={The elements of statistical learning: data mining, inference, and prediction},
  author={Trevor, Hastie and Robert, Tibshirani and JH, Friedman},
  year={2009},
  publisher={New York, NY: Springer}
}

@article{janidarmian2017comprehensive,
  title={A comprehensive analysis on wearable acceleration sensors in human activity recognition},
  author={Janidarmian, Majid and Roshan Fekr, Atena and Radecka, Katarzyna and Zilic, Zeljko},
  journal={Sensors},
  volume={17},
  number={3},
  pages={529},
  year={2017},
  publisher={Multidisciplinary Digital Publishing Institute}
}

@book{labrador2013human,
  title={Human activity recognition: Using wearable sensors and smartphones},
  author={Labrador, Miguel A and Yejas, Oscar D Lara},
  year={2013},
  publisher={Chapman and Hall/CRC}
}

@article{al2019deep,
  title={A Deep-Learning Model for Subject-Independent Human Emotion Recognition Using Electrodermal Activity Sensors},
  author={Al Machot, Fadi and Elmachot, Ali and Ali, Mouhannad and Al Machot, Elyan and Kyamakya, Kyandoghere},
  journal={Sensors},
  volume={19},
  number={7},
  pages={1659},
  year={2019},
  publisher={Multidisciplinary Digital Publishing Institute}
}

@inproceedings{keogh2001online,
  title={An online algorithm for segmenting time series},
  author={Keogh, Eamonn and Chu, Selina and Hart, David and Pazzani, Michael},
  booktitle={Proceedings 2001 IEEE International Conference on Data Mining},
  pages={289--296},
  year={2001},
  organization={IEEE}
}

@inproceedings{janidarmian2014automated,
  title={Automated diagnosis of knee pathology using sensory data},
  author={Janidarmian, Majid and Radecka, Katarzyna and Zilic, Zeljko},
  booktitle={2014 4th International Conference on Wireless Mobile Communication and Healthcare-Transforming Healthcare Through Innovations in Mobile and Wireless Technologies (MOBIHEALTH)},
  pages={95--98},
  year={2014},
  organization={IEEE}
}

@article{cover1967nearest,
  title={Nearest neighbor pattern classification},
  author={Cover, Thomas M and Hart, Peter and others},
  journal={IEEE transactions on information theory},
  volume={13},
  number={1},
  pages={21--27},
  year={1967},
  publisher={Menlo Park}
}
######################################
@inproceedings{tapia2007real,
  title={Real-time recognition of physical activities and their intensities using wireless accelerometers and a heart monitor},
  author={Tapia, Emmanuel Munguia and Intille, Stephen S and Haskell, William and Larson, Kent and Wright, Julie and King, Abby and Friedman, Robert},
  booktitle={In: Proc. Int. Symp. on Wearable Comp},
  year={2007},
  organization={Citeseer}
}

@article{lara2012centinela,
  title={Centinela: A human activity recognition system based on acceleration and vital sign data},
  author={Lara, Oscar D and P{\'e}rez, Alfredo J and Labrador, Miguel A and Posada, Jos{\'e} D},
  journal={Pervasive and mobile computing},
  volume={8},
  number={5},
  pages={717--729},
  year={2012},
  publisher={Elsevier}
}

@inproceedings{bao2004activity,
  title={Activity recognition from user-annotated acceleration data},
  author={Bao, Ling and Intille, Stephen S},
  booktitle={International conference on pervasive computing},
  pages={1--17},
  year={2004},
  organization={Springer}
}

@inproceedings{pham2008robust,
  title={Robust dynamic human activity recognition based on relative energy allocation},
  author={Pham, Nam and Abdelzaher, Tarek},
  booktitle={International Conference on Distributed Computing in Sensor Systems},
  pages={525--530},
  year={2008},
  organization={Springer}
}

################################
@article{reddy2010using,
  title={Using mobile phones to determine transportation modes},
  author={Reddy, Sasank and Mun, Min and Burke, Jeff and Estrin, Deborah and Hansen, Mark and Srivastava, Mani},
  journal={ACM Transactions on Sensor Networks (TOSN)},
  volume={6},
  number={2},
  pages={13},
  year={2010},
  publisher={ACM}
}
@inproceedings{cheng2010active,
  title={Active capacitive sensing: Exploring a new wearable sensing modality for activity recognition},
  author={Cheng, Jingyuan and Amft, Oliver and Lukowicz, Paul},
  booktitle={International conference on pervasive computing},
  pages={319--336},
  year={2010},
  organization={Springer}
}

@inproceedings{minnen2007recognizing,
  title={Recognizing soldier activities in the field},
  author={Minnen, David and Westeyn, Tracy and Ashbrook, Daniel and Presti, Peter and Starner, Thad},
  booktitle={4th International workshop on wearable and implantable body sensor networks (BSN 2007)},
  pages={236--241},
  year={2007},
  organization={Springer}
}
@inproceedings{altun2010human,
  title={Human activity recognition using inertial/magnetic sensor units},
  author={Altun, Kerem and Barshan, Billur},
  booktitle={International workshop on human behavior understanding},
  pages={38--51},
  year={2010},
  organization={Springer}
}

@article{lara2012survey,
  title={A survey on human activity recognition using wearable sensors},
  author={Lara, Oscar D and Labrador, Miguel A},
  journal={IEEE communications surveys \& tutorials},
  volume={15},
  number={3},
  pages={1192--1209},
  year={2012},
  publisher={IEEE}
}

@article{luvstrek2009fall,
  title={Fall detection and activity recognition with machine learning},
  author={Lu{\v{s}}trek, Mitja and Kalu{\v{z}}a, Bo{\v{s}}tjan},
  journal={Informatica},
  volume={33},
  number={2},
  year={2009}
}

@article{tamura2009wearable,
  title={A wearable airbag to prevent fall injuries},
  author={Tamura, Toshiyo and Yoshimura, Takumi and Sekine, Masaki and Uchida, Mitsuo and Tanaka, Osamu},
  journal={IEEE Transactions on Information Technology in Biomedicine},
  volume={13},
  number={6},
  pages={910--914},
  year={2009},
  publisher={IEEE}
}

@article{perez2010g,
  title={G-sense: a scalable architecture for global sensing and monitoring},
  author={Perez, Alfredo J and Labrador, Miguel A and Barbeau, Sean J},
  journal={IEEE Network},
  volume={24},
  number={4},
  pages={57--64},
  year={2010},
  publisher={IEEE}
}

@inproceedings{lin2006fish,
  title={Fish’n’Steps: Encouraging physical activity with an interactive computer game},
  author={Lin, James J and Mamykina, Lena and Lindtner, Silvia and Delajoux, Gregory and Strub, Henry B},
  booktitle={International conference on ubiquitous computing},
  pages={261--278},
  year={2006},
  organization={Springer}
}

@inproceedings{consolvo2008activity,
  title={Activity sensing in the wild: a field trial of ubifit garden},
  author={Consolvo, Sunny and McDonald, David W and Toscos, Tammy and Chen, Mike Y and Froehlich, Jon and Harrison, Beverly and Klasnja, Predrag and LaMarca, Anthony and LeGrand, Louis and Libby, Ryan and others},
  booktitle={Proceedings of the SIGCHI conference on human factors in computing systems},
  pages={1797--1806},
  year={2008},
  organization={ACM}
}

@article{sazonov2009automatic,
  title={Automatic detection of swallowing events by acoustical means for applications of monitoring of ingestive behavior},
  author={Sazonov, Edward S and Makeyev, Oleksandr and Schuckers, Stephanie and Lopez-Meyer, Paulo and Melanson, Edward L and Neuman, Michael R},
  journal={IEEE Transactions on Biomedical Engineering},
  volume={57},
  number={3},
  pages={626--633},
  year={2009},
  publisher={IEEE}
}

@inproceedings{sazonov2011rf,
  title={RF hand gesture sensor for monitoring of cigarette smoking},
  author={Sazonov, Edward and Metcalfe, Kristopher and Lopez-Meyer, Paulo and Tiffany, Stephen},
  booktitle={2011 Fifth International Conference on Sensing Technology},
  pages={426--430},
  year={2011},
  organization={IEEE}
}

@article{kasteren2010activity,
  title={An activity monitoring system for elderly care using generative and discriminative models},
  author={Kasteren, TL and Englebienne, Gwenn and Kr{\"o}se, BJ},
  journal={Personal and ubiquitous computing},
  volume={14},
  number={6},
  pages={489--498},
  year={2010},
  publisher={Springer-Verlag}
}

@article{tolstikov2011comparison,
  title={Comparison of fusion methods based on dst and dbn in human activity recognition},
  author={Tolstikov, Andrei and Hong, Xin and Biswas, Jit and Nugent, Chris and Chen, Liming and Parente, Guido},
  journal={Journal of Control Theory and Applications},
  volume={9},
  number={1},
  pages={18--27},
  year={2011},
  publisher={Springer}
}

@article{yang2011activity,
  title={Activity recognition based on RFID object usage for smart mobile devices},
  author={Yang, Jaeyoung and Lee, Joonwhan and Choi, Joongmin},
  journal={Journal of Computer Science and Technology},
  volume={26},
  number={2},
  pages={239--246},
  year={2011},
  publisher={Springer}
}

@article{sarkar2011gpars,
  title={GPARS: A general-purpose activity recognition system},
  author={Sarkar, Jehad and Lee, Young-Koo and Lee, Sungyoung and others},
  journal={Applied Intelligence},
  volume={35},
  number={2},
  pages={242--259},
  year={2011},
  publisher={Springer}
}

@article{turaga2008machine,
  title={Machine recognition of human activities: A survey},
  author={Turaga, Pavan and Chellappa, Rama and Subrahmanian, Venkatramana S and Udrea, Octavian},
  journal={IEEE Transactions on Circuits and Systems for Video technology},
  volume={18},
  number={11},
  pages={1473},
  year={2008},
  publisher={Citeseer}
}

@article{candamo2009understanding,
  title={Understanding transit scenes: A survey on human behavior-recognition algorithms},
  author={Candamo, Joshua and Shreve, Matthew and Goldgof, Dmitry B and Sapper, Deborah B and Kasturi, Rangachar},
  journal={IEEE transactions on intelligent transportation systems},
  volume={11},
  number={1},
  pages={206--224},
  year={2009},
  publisher={IEEE}
}

@inproceedings{joseph2010framework,
  title={A framework for whole-body gesture recognition from video feeds},
  author={Joseph, CN and Kokulakumaran, S and Srijeyanthan, K and Thusyanthan, A and Gunasekara, C and Gamage, CD},
  booktitle={2010 5th International Conference on Industrial and Information Systems},
  pages={430--435},
  year={2010},
  organization={IEEE}
}

@inproceedings{ahad2008human,
  title={Human activity recognition: Various paradigms},
  author={Ahad, Md Atiqur Rahman and Tan, JK and Kim, HS and Ishikawa, S},
  booktitle={2008 International Conference on Control, Automation and Systems},
  pages={1896--1901},
  year={2008},
  organization={IEEE}
}

@inproceedings{shotton2011real,
  title={Real-time human pose recognition in parts from single depth images},
  author={Shotton, Jamie and Fitzgibbon, Andrew and Cook, Mat and Sharp, Toby and Finocchio, Mark and Moore, Richard and Kipman, Alex and Blake, Andrew},
  booktitle={CVPR 2011},
  pages={1297--1304},
  year={2011},
  organization={Ieee}
}

@inproceedings{iglesias2011ubiquitous,
  title={A ubiquitous activity-monitor to prevent sedentariness},
  author={Iglesias, Josu{\'e} and Cano, Jes{\'u}s and Bernardos, Ana M and Casar, Jos{\'e} R},
  booktitle={2011 IEEE International Conference on Pervasive Computing and Communications Workshops (PERCOM Workshops)},
  pages={319--321},
  year={2011},
  organization={IEEE}
}

@inproceedings{choujaa2008tracme,
  title={Tracme: Temporal activity recognition using mobile phone data},
  author={Choujaa, Driss and Dulay, Naranker},
  booktitle={2008 IEEE/IFIP International Conference on Embedded and Ubiquitous Computing},
  volume={1},
  pages={119--126},
  year={2008},
  organization={IEEE}
}

@article{parkka2006activity,
  title={Activity classification using realistic data from wearable sensors},
  author={Parkka, Juha and Ermes, Miikka and Korpipaa, Panu and Mantyjarvi, Jani and Peltola, Johannes and Korhonen, Ilkka},
  journal={IEEE Transactions on information technology in biomedicine},
  volume={10},
  number={1},
  pages={119--128},
  year={2006},
  publisher={IEEE}
}

@inproceedings{jatoba2008context,
  title={Context-aware mobile health monitoring: Evaluation of different pattern recognition methods for classification of physical activity},
  author={Jatoba, Luciana C and Grossmann, Ulrich and Kunze, Chistophe and Ottenbacher, Jorg and Stork, Wilhelm},
  booktitle={2008 30th Annual International Conference of the IEEE Engineering in Medicine and Biology Society},
  pages={5250--5253},
  year={2008},
  organization={IEEE}
}

@article{sekine2000classification,
  title={Classification of waist-acceleration signals in a continuous walking record},
  author={Sekine, Masaki and Tamura, Toshiyo and Togawa, Tatsuo and Fukui, Yasuhiro},
  journal={Medical engineering \& physics},
  volume={22},
  number={4},
  pages={285--291},
  year={2000},
  publisher={Elsevier}
}

@article{nyan2006classification,
  title={Classification of gait patterns in the time--frequency domain},
  author={Nyan, MN and Tay, FEH and Seah, KHW and Sitoh, YY},
  journal={Journal of biomechanics},
  volume={39},
  number={14},
  pages={2647--2656},
  year={2006},
  publisher={Elsevier}
}

@inproceedings{yoshizawa2013parameter,
  title={Parameter exploration for response time reduction in accelerometer-based activity recognition},
  author={Yoshizawa, Minoru and Takasaki, Wataru and Ohmura, Ren},
  booktitle={Proceedings of the 2013 ACM conference on Pervasive and ubiquitous computing adjunct publication},
  pages={653--664},
  year={2013},
  organization={ACM}
}

@inproceedings{lester2006practical,
  title={A practical approach to recognizing physical activities},
  author={Lester, Jonathan and Choudhury, Tanzeem and Borriello, Gaetano},
  booktitle={International conference on pervasive computing},
  pages={1--16},
  year={2006},
  organization={Springer}
}

@inproceedings{dernbach2012simple,
  title={Simple and complex activity recognition through smart phones},
  author={Dernbach, Stefan and Das, Barnan and Krishnan, Narayanan C and Thomas, Brian L and Cook, Diane J},
  booktitle={2012 Eighth International Conference on Intelligent Environments},
  pages={214--221},
  year={2012},
  organization={IEEE}
}

@inproceedings{he2009activity,
  title={Activity recognition from acceleration data based on discrete consine transform and SVM},
  author={He, Zhenyu and Jin, Lianwen},
  booktitle={2009 IEEE International Conference on Systems, Man and Cybernetics},
  pages={5041--5044},
  year={2009},
  organization={IEEE}
}

@article{figo2010preprocessing,
  title={Preprocessing techniques for context recognition from accelerometer data},
  author={Figo, Davide and Diniz, Pedro C and Ferreira, Diogo R and Cardoso, Jo{\~a}o M},
  journal={Personal and Ubiquitous Computing},
  volume={14},
  number={7},
  pages={645--662},
  year={2010},
  publisher={Springer-Verlag}
}

@article{aminian1999temporal,
  title={Temporal feature estimation during walking using miniature accelerometers: an analysis of gait improvement after hip arthroplasty},
  author={Aminian, K and Rezakhanlou, K and De Andres, E and Fritsch, C and Leyvraz, P-F and Robert, Ph},
  journal={Medical \& biological engineering \& computing},
  volume={37},
  number={6},
  pages={686--691},
  year={1999},
  publisher={Springer}
}

@article{selles2005automated,
  title={Automated estimation of initial and terminal contact timing using accelerometers; development and validation in transtibial amputees and controls},
  author={Selles, Ruud W and Formanoy, Margriet AG and Bussmann, Johannes BJ and Janssens, Peter J and Stam, Henk J},
  journal={IEEE Transactions on Neural Systems and Rehabilitation Engineering},
  volume={13},
  number={1},
  pages={81--88},
  year={2005},
  publisher={IEEE}
}

@article{aung2013automated,
  title={Automated detection of instantaneous gait events using time frequency analysis and manifold embedding},
  author={Aung, Min SH and Thies, Sibylle B and Kenney, Laurence PJ and Howard, David and Selles, Ruud W and Findlow, Andrew H and Goulermas, John Y},
  journal={IEEE Transactions on Neural Systems and Rehabilitation Engineering},
  volume={21},
  number={6},
  pages={908--916},
  year={2013},
  publisher={IEEE}
}

@inproceedings{benocci2010wearable,
  title={Wearable assistant for load monitoring: Recognition of on—Body load placement from gait alterations},
  author={Benocci, Marco and B{\"a}chlin, Marc and Farella, Elisabetta and Roggen, Daniel and Benini, Luca and Tr{\"o}ster, Gerhard},
  booktitle={2010 4th International Conference on Pervasive Computing Technologies for Healthcare},
  pages={1--8},
  year={2010},
  organization={IEEE}
}

@article{aminian2002spatio,
  title={Spatio-temporal parameters of gait measured by an ambulatory system using miniature gyroscopes},
  author={Aminian, Kamiar and Najafi, Bijan and B{\"u}la, C and Leyvraz, P-F and Robert, Ph},
  journal={Journal of biomechanics},
  volume={35},
  number={5},
  pages={689--699},
  year={2002},
  publisher={Elsevier}
}

@article{jasiewicz2006gait,
  title={Gait event detection using linear accelerometers or angular velocity transducers in able-bodied and spinal-cord injured individuals},
  author={Jasiewicz, Jan M and Allum, John HJ and Middleton, James W and Barriskill, Andrew and Condie, Peter and Purcell, Brendan and Li, Raymond Che Tin},
  journal={Gait \& posture},
  volume={24},
  number={4},
  pages={502--509},
  year={2006},
  publisher={Elsevier}
}


@article{dobkin2011reliability,
  title={Reliability and validity of bilateral ankle accelerometer algorithms for activity recognition and walking speed after stroke},
  author={Dobkin, Bruce H and Xu, Xiaoyu and Batalin, Maxim and Thomas, Seth and Kaiser, William},
  journal={Stroke},
  volume={42},
  number={8},
  pages={2246--2250},
  year={2011},
  publisher={Am Heart Assoc}
}
% win size: 0-1
@inproceedings{pirttikangas2006feature,
  title={Feature selection and activity recognition from wearable sensors},
  author={Pirttikangas, Susanna and Fujinami, Kaori and Nakajima, Tatsuo},
  booktitle={International symposium on ubiquitious computing systems},
  pages={516--527},
  year={2006},
  organization={Springer}
}

@inproceedings{stikic2008adl,
  title={ADL recognition based on the combination of RFID and accelerometer sensing},
  author={Stikic, Maja and Huynh, T{\^a}m and Van Laerhoven, Kristof and Schiele, Bernt},
  booktitle={2008 Second International Conference on Pervasive Computing Technologies for Healthcare},
  pages={258--263},
  year={2008},
  organization={IEEE}
}

@inproceedings{marx2012ad,
  title={Ad-hoc accelerometer activity recognition in the iBall},
  author={Marx, Robin},
  booktitle={Proceedings of the 2012 ACM Conference on Ubiquitous Computing, Pittsburgh, PA, USA},
  volume={58},
  year={2012}
}

@inproceedings{huynh2005analyzing,
  title={Analyzing features for activity recognition},
  author={Huynh, T{\^a}m and Schiele, Bernt},
  booktitle={Proceedings of the 2005 joint conference on Smart objects and ambient intelligence: innovative context-aware services: usages and technologies},
  pages={159--163},
  year={2005},
  organization={ACM}
}
@inproceedings{kern2003multi,
  title={Multi-sensor activity context detection for wearable computing},
  author={Kern, Nicky and Schiele, Bernt and Schmidt, Albrecht},
  booktitle={European Symposium on Ambient Intelligence},
  pages={220--232},
  year={2003},
  organization={Springer}
}
@techreport{maurer2006activity,
  title={Activity recognition and monitoring using multiple sensors on different body positions},
  author={Maurer, Uwe and Smailagic, Asim and Siewiorek, Daniel P and Deisher, Michael},
  year={2006},
  institution={CARNEGIE-MELLON UNIV PITTSBURGH PA SCHOOL OF COMPUTER SCIENCE}
}
@inproceedings{suutala2007discriminative,
  title={Discriminative temporal smoothing for activity recognition from wearable sensors},
  author={Suutala, Jaakko and Pirttikangas, Susanna and R{\"o}ning, Juha},
  booktitle={International Symposium on Ubiquitious Computing Systems},
  pages={182--195},
  year={2007},
  organization={Springer}
}
@article{amft2008recognition,
  title={Recognition of dietary activity events using on-body sensors},
  author={Amft, Oliver and Tr{\"o}ster, Gerhard},
  journal={Artificial intelligence in medicine},
  volume={42},
  number={2},
  pages={121--136},
  year={2008},
  publisher={Elsevier}
}
@article{han2010implementation,
  title={Implementation of hmm-based human activity recognition using single triaxial accelerometer},
  author={Han, Chang Woo and Kang, Shin Jae and Kim, Nam Soo},
  journal={IEICE transactions on fundamentals of electronics, communications and computer sciences},
  volume={93},
  number={7},
  pages={1379--1383},
  year={2010},
  publisher={The Institute of Electronics, Information and Communication Engineers}
}
@inproceedings{wang2012real,
  title={Real time accelerometer-based gait recognition using adaptive windowed wavelet transforms},
  author={Wang, Jian-Hua and Ding, Jian-Jiun and Chen, Yu and Chen, Hsin-Hui},
  booktitle={2012 IEEE Asia Pacific Conference on Circuits and Systems},
  pages={591--594},
  year={2012},
  organization={IEEE}
}

% win size: 1-2






@inproceedings{sun2010activity,
  title={Activity recognition on an accelerometer embedded mobile phone with varying positions and orientations},
  author={Sun, Lin and Zhang, Daqing and Li, Bin and Guo, Bin and Li, Shijian},
  booktitle={International conference on ubiquitous intelligence and computing},
  pages={548--562},
  year={2010},
  organization={Springer}
}
@inproceedings{gjoreski2011accelerometer,
  title={Accelerometer data preparation for activity recognition},
  author={Gjoreski, Hristijan and Gams, Matja{\v{z}}},
  booktitle={Proceedings of the International Multiconference Information Society, Ljubljana, Slovenia},
  volume={1014},
  pages={1014},
  year={2011}
}

% win size: 2-3
@article{mannini2013activity,
  title={Activity recognition using a single accelerometer placed at the wrist or ankle},
  author={Mannini, Andrea and Intille, Stephen S and Rosenberger, Mary and Sabatini, Angelo M and Haskell, William},
  journal={Medicine and science in sports and exercise},
  volume={45},
  number={11},
  pages={2193},
  year={2013},
  publisher={NIH Public Access}
}

@article{preece2008comparison,
  title={A comparison of feature extraction methods for the classification of dynamic activities from accelerometer data},
  author={Preece, Stephen J and Goulermas, John Yannis and Kenney, Laurence PJ and Howard, David},
  journal={IEEE Transactions on Biomedical Engineering},
  volume={56},
  number={3},
  pages={871--879},
  year={2008},
  publisher={IEEE}
}
@inproceedings{mantyjarvi2001recognizing,
  title={Recognizing human motion with multiple acceleration sensors},
  author={Mantyjarvi, Jani and Himberg, Johan and Seppanen, Tapio},
  booktitle={2001 IEEE International Conference on Systems, Man and Cybernetics. e-Systems and e-Man for Cybernetics in Cyberspace (Cat. No. 01CH37236)},
  volume={2},
  pages={747--752},
  year={2001},
  organization={IEEE}
}

@inproceedings{wang2007accelerometry,
  title={Accelerometry based classification of walking patterns using time-frequency analysis},
  author={Wang, Ning and Ambikairajah, Eliathamby and Lovell, Nigel H and Celler, Branko G},
  booktitle={2007 29th Annual International Conference of the IEEE Engineering in Medicine and Biology Society},
  pages={4899--4902},
  year={2007},
  organization={IEEE}
}
@inproceedings{khan2010human,
  title={Human activity recognition via an accelerometer-enabled-smartphone using kernel discriminant analysis},
  author={Khan, Adil Mehmood and Lee, Y-K and Lee, Seok-Yong and Kim, T-S},
  booktitle={2010 5th international conference on future information technology},
  pages={1--6},
  year={2010},
  organization={IEEE}
}


@article{nam2013physical,
  title={Physical activity recognition using a single triaxial accelerometer and a barometric sensor for baby and child care in a home environment},
  author={Nam, Yunyoung and Park, Jung Wook},
  journal={Journal of Ambient Intelligence and Smart Environments},
  volume={5},
  number={4},
  pages={381--402},
  year={2013},
  publisher={IOS Press}
}
@article{nam2013child,
  title={Child activity recognition based on cooperative fusion model of a triaxial accelerometer and a barometric pressure sensor},
  author={Nam, Yunyoung and Park, Jung Wook},
  journal={IEEE journal of biomedical and health informatics},
  volume={17},
  number={2},
  pages={420--426},
  year={2013},
  publisher={IEEE}
}

% 3-4


% 4-5




%5-6
@inproceedings{ravi2005activity,
  title={Activity recognition from accelerometer data},
  author={Ravi, Nishkam and Dandekar, Nikhil and Mysore, Preetham and Littman, Michael L},
  booktitle={Aaai},
  volume={5},
  number={2005},
  pages={1541--1546},
  year={2005}
}



@article{atallah2011sensor,
  title={Sensor positioning for activity recognition using wearable accelerometers},
  author={Atallah, Louis and Lo, Benny and King, Rachel and Yang, Guang-Zhong},
  journal={IEEE transactions on biomedical circuits and systems},
  volume={5},
  number={4},
  pages={320--329},
  year={2011},
  publisher={IEEE}
}
@inproceedings{lee2011activity,
  title={Activity recognition using hierarchical hidden markov models on a smartphone with 3D accelerometer},
  author={Lee, Young-Seol and Cho, Sung-Bae},
  booktitle={International conference on hybrid artificial intelligence systems},
  pages={460--467},
  year={2011},
  organization={Springer}
}
%6-7

@inproceedings{huỳnh2007scalable,
  title={Scalable recognition of daily activities with wearable sensors},
  author={Huỳnh, T{\^a}m and Blanke, Ulf and Schiele, Bernt},
  booktitle={International Symposium on Location-and Context-Awareness},
  pages={50--67},
  year={2007},
  organization={Springer}
}

@article{jiang2011method,
  title={A method to deal with installation errors of wearable accelerometers for human activity recognition},
  author={Jiang, Ming and Shang, Hong and Wang, Zhelong and Li, Hongyi and Wang, Yuechao},
  journal={Physiological measurement},
  volume={32},
  number={3},
  pages={347},
  year={2011},
  publisher={IOP Publishing}
}
%7+



@inproceedings{krause2003unsupervised,
  title={Unsupervised, Dynamic Identification of Physiological and Activity Context in Wearable Computing.},
  author={Krause, Andreas and Siewiorek, Daniel P and Smailagic, Asim and Farringdon, Jonny},
  booktitle={ISWC},
  volume={3},
  pages={88},
  year={2003}
}

@article{kwapisz2011activity,
  title={Activity recognition using cell phone accelerometers},
  author={Kwapisz, Jennifer R and Weiss, Gary M and Moore, Samuel A},
  journal={ACM SigKDD Explorations Newsletter},
  volume={12},
  number={2},
  pages={74--82},
  year={2011},
  publisher={ACM}
}
@incollection{siirtola2012user,
  title={User-independent human activity recognition using a mobile phone: Offline recognition vs. real-time on device recognition},
  author={Siirtola, Pekka and R{\"o}ning, Juha},
  booktitle={Distributed computing and artificial intelligence},
  pages={617--627},
  year={2012},
  publisher={Springer}
}

@article{hemalatha2013frequent,
  title={Frequent bit pattern mining over tri-axial accelerometer data streams for recognizing human activities and detecting fall},
  author={Hemalatha, C Sweetlin and Vaidehi, Vijay},
  journal={Procedia Computer Science},
  volume={19},
  pages={56--63},
  year={2013},
  publisher={Elsevier}
}
@inproceedings{zheng2013physical,
  title={Physical activity recognition from accelerometer data using a multi-scale ensemble method},
  author={Zheng, Yonglei and Wong, Weng-Keen and Guan, Xinze and Trost, Stewart},
  booktitle={Twenty-Fifth IAAI Conference},
  year={2013}
}




@inproceedings{kao2009development,
  title={Development of a portable activity detector for daily activity recognition},
  author={Kao, Tzu-Ping and Lin, Che-Wei and Wang, Jeen-Shing},
  booktitle={2009 IEEE International Symposium on Industrial Electronics},
  pages={115--120},
  year={2009},
  organization={IEEE}
}

@inproceedings{zhang2011feature,
  title={A feature selection-based framework for human activity recognition using wearable multimodal sensors},
  author={Zhang, Mi and Sawchuk, Alexander A},
  booktitle={Proceedings of the 6th International Conference on Body Area Networks},
  pages={92--98},
  year={2011},
  organization={ICST (Institute for Computer Sciences, Social-Informatics and~…}
}


@article{chen2008online,
  title={Online classifier construction algorithm for human activity detection using a tri-axial accelerometer},
  author={Chen, Yen-Ping and Yang, Jhun-Ying and Liou, Shun-Nan and Lee, Gwo-Yun and Wang, Jeen-Shing},
  journal={Applied Mathematics and Computation},
  volume={205},
  number={2},
  pages={849--860},
  year={2008},
  publisher={Elsevier}
}

@inproceedings{omid2019MPR,
  title={A platform and methodology enabling real-time motion pattern recognition on low-power smart devices},
  author={Sarbishei, Omid},
  booktitle={World Forum on Internet of Things},
  pages={269--272},
  year={2019},
  publisher={IEEE}
}



@inproceedings{hanai2009haar,
  title={Haar-like filtering for human activity recognition using 3d accelerometer},
  author={Hanai, Yuya and Nishimura, Jun and Kuroda, Tadahiro},
  booktitle={2009 IEEE 13th Digital Signal Processing Workshop and 5th IEEE Signal Processing Education Workshop},
  pages={675--678},
  year={2009},
  organization={IEEE}
}

@article{article,
author = {Olszewski, Robert},
year = {2001},
month = {03},
pages = {},
title = {Generalized feature extraction for structural pattern recognition in time-series data}
}

@INPROCEEDINGS{4650398,
author={L. C. {Jatoba} and U. {Grossmann} and C. {Kunze} and J. {Ottenbacher} and W. {Stork}},
booktitle={2008 30th Annual International Conference of the IEEE Engineering in Medicine and Biology Society},
title={Context-aware mobile health monitoring: Evaluation of different pattern recognition methods for classification of physical activity},
year={2008},
volume={},
number={},
pages={5250-5253},
keywords={Algorithms;Artificial Intelligence;Humans;Monitoring, Ambulatory;Motor Activity;Movement;Pattern Recognition, Automated;Remote Consultation;Telemetry},
doi={10.1109/IEMBS.2008.4650398},
ISSN={},
month={Aug},}

@inproceedings{inproceedings,
author = {Maurer, U. and Smailagic, A. and Siewiorek, D.P. and Deisher, Michael},
year = {2006},
month = {05},
pages = {4 pp.-},
title = {Activity Recognition and Monitoring Using Multiple Sensors on Different Body Positions},
volume = {2006},
isbn = {0-7695-2547-4},
journal = {Proc Int Workshop Wearable Implantable Body Sensor Netw},
doi = {10.1109/BSN.2006.6}
}

@inproceedings{Bao2004ActivityRF,
  title={Activity Recognition from User-Annotated Acceleration Data},
  author={Ling Bao and Stephen S. Intille},
  booktitle={Pervasive},
  year={2004}
}

@INPROCEEDINGS{4650199,
author={M. {Ermes} and J. {Parkka} and L. {Cluitmans}},
booktitle={2008 30th Annual International Conference of the IEEE Engineering in Medicine and Biology Society},
title={Advancing from offline to online activity recognition with wearable sensors},
year={2008},
volume={},
number={},
pages={4451-4454},
keywords={Adult;Biomechanics;Biomedical Engineering;Computer Communication Networks;Electronics, Medical;Equipment Design;Female;Humans;Male;Microcomputers;Models, Statistical;Monitoring, Ambulatory;Monitoring, Ambulatory;Movement;Signal Processing, Computer-Assisted;Walking},
doi={10.1109/IEMBS.2008.4650199},
ISSN={},
month={Aug},}


@INPROCEEDINGS{6181018,
author={Ó. D. {Lara} and M. A. {Labrador}},
booktitle={2012 IEEE Consumer Communications and Networking Conference (CCNC)},
title={A mobile platform for real-time human activity recognition},
year={2012},
volume={},
number={},
pages={667-671},
keywords={behavioural sciences computing;body area networks;mobile computing;pattern classification;real-time human activity recognition;context aware application;mobile devices;power processing;MECLA;classification algorithm;body area network;response time;energy consumption requirement;energy processing;mobile platform;mobile evaluation of classifier;Sensors;Feature extraction;Mobile communication;Time factors;Accuracy;Acceleration;Mobile handsets;Body Area Networks;Human-centric sensing;Machine learning;Mobile applications},
doi={10.1109/CCNC.2012.6181018},
ISSN={},
month={Jan},}

@inproceedings{Ravi:2005:ARA:1620092.1620107,
 author = {Ravi, Nishkam and Dandekar, Nikhil and Mysore, Preetham and Littman, Michael L.},
 title = {Activity Recognition from Accelerometer Data},
 booktitle = {Proceedings of the 17th Conference on Innovative Applications of Artificial Intelligence - Volume 3},
 series = {IAAI'05},
 year = {2005},
 isbn = {1-57735-236-x},
 location = {Pittsburgh, Pennsylvania},
 pages = {1541--1546},
 numpages = {6},
 url = {http://dl.acm.org/citation.cfm?id=1620092.1620107},
 acmid = {1620107},
 publisher = {AAAI Press},
}

@INPROCEEDINGS{8767219,
author={O. {Sarbishei}},
booktitle={2019 IEEE 5th World Forum on Internet of Things (WF-IoT)},
title={A Platform and Methodology Enabling Real-Time Motion Pattern Recognition on Low-Power Smart Devices},
year={2019},
volume={},
number={},
pages={269-272},
keywords={feature extraction;feedforward neural nets;Internet of Things;mobile computing;pattern recognition;sensor fusion;low-power smart devices;TM system-on-module;sensor fusion algorithm;ARM Cortex M4F;inertial sensors;shock-aware segmentation;histogram feature extraction;Neblina's MPR framework;human fitness activity recognition;motion pattern recognition;Internet of Things;feedforward neural network;3D orientation tracking;power consumption;Histograms;Real-time systems;Motion segmentation;Hardware;Sports;Feature extraction;Microsoft Windows},
doi={10.1109/WF-IoT.2019.8767219},
ISSN={},
month={April},}

@article{Wang2018DeepLF,
  title={Deep learning for sensor-based activity recognition: A survey},
  author={Jindong Wang and Yiqiang Chen and Shuji Hao and Xiaohui Peng and Lisha Hu},
  journal={Pattern Recognition Letters},
  year={2018},
  volume={119},
  pages={3-11}
}

@INPROCEEDINGS{4620779,
author={ {Zhen-Yu He} and {Lian-Wen Jin}},
booktitle={2008 International Conference on Machine Learning and Cybernetics},
title={Activity recognition from acceleration data using AR model representation and SVM},
year={2008},
volume={4},
number={},
pages={2245-2250},
keywords={autoregressive processes;feature extraction;image classification;support vector machines;time series;acceleration data;autoregressive model;time series;human activity recognition;feature extraction;human activity classification;support vector machine;Feature extraction;Accelerometers;Acceleration;Mathematical model;Support vector machines;Time domain analysis;Accuracy;Tri-axial accelerometer data;Activity recognition;Autoregressive model;Feature extraction;SVM},
doi={10.1109/ICMLC.2008.4620779},
ISSN={},
month={July},}

@INPROCEEDINGS{4761688,
author={ {Zhenyu He} and {Zhibin Liu} and {Lianwen Jin} and {Li-Xin Zhen} and {Jian-Cheng Huang}},
booktitle={2008 19th International Conference on Pattern Recognition},
title={Weightlessness feature — a novel feature for single tri-axial accelerometer based activity recognition},
year={2008},
volume={},
number={},
pages={1-4},
keywords={accelerometers;mobile computing;support vector machines;weightlessness feature;single triaxial accelerometer;activity recognition;triaxial acceleration signals;accelerometer signal;gravitational direction;support vector machine;time-domains features;Accelerometers;Acceleration;Feature extraction;Laboratories;Pattern recognition;Support vector machines;Support vector machine classification;Humans;Robustness;Data mining},
doi={10.1109/ICPR.2008.4761688},
ISSN={},
month={Dec},}

@inproceedings{Huynh2007ScalableRO,
  title={Scalable Recognition of Daily Activities with Wearable Sensors},
  author={T{\^a}m Huynh and Ulf Blanke and Bernt Schiele},
  booktitle={LoCA},
  year={2007}
}

@article{Vinh:2011:SCR:2036609.2036624,
 author = {Vinh, La The and Lee, Sungyoung and Le, Hung Xuan and Ngo, Hung Quoc and Kim, Hyoung Il and Han, Manhyung and Lee, Young-Koo},
 title = {Semi-Markov Conditional Random Fields for Accelerometer-based Activity Recognition},
 journal = {Applied Intelligence},
 issue_date = {October   2011},
 volume = {35},
 number = {2},
 month = oct,
 year = {2011},
 issn = {0924-669X},
 pages = {226--241},
 numpages = {16},
 url = {http://dx.doi.org/10.1007/s10489-010-0216-5},
 doi = {10.1007/s10489-010-0216-5},
 acmid = {2036624},
 publisher = {Kluwer Academic Publishers},
 address = {Hingham, MA, USA},
 keywords = {Accelerometer, Activity recognition, Conditional Random Fields (CRF), Hidden Markov Model (HMM), Wearable sensors},
} 

@INPROCEEDINGS{5152756,
author={C. {Zhu} and W. {Sheng}},
booktitle={2009 IEEE International Conference on Robotics and Automation},
title={Human daily activity recognition in robot-assisted living using multi-sensor fusion},
year={2009},
volume={},
number={},
pages={2154-2159},
keywords={hidden Markov models;medical robotics;sensor fusion;human daily activity recognition;robot-assisted living;multi-sensor fusion;wearable inertial sensors;coarse-grained classification;zero displacement activity;transitional activity;strong displacement activity;hidden Markov models;Humans;Wearable sensors;Senior citizens;Robot sensing systems;Robotics and automation;Sensor fusion;Hidden Markov models;Acceleration;Accelerometers;Testing},
doi={10.1109/ROBOT.2009.5152756},
ISSN={},
month={May},}

@article{zambon2006effect,
  title={Effect of alternative splitting rules on image processing using classification tree analysis},
  author={Zambon, Michael and Lawrence, Rick and Bunn, Andrew and Powell, Scott},
  journal={Photogrammetric Engineering \& Remote Sensing},
  volume={72},
  number={1},
  pages={25--30},
  year={2006},
  publisher={American Society for Photogrammetry and Remote Sensing}
}

@book{duda2012pattern,
  title={Pattern classification},
  author={Duda, Richard O and Hart, Peter E and Stork, David G},
  year={2012},
  publisher={John Wiley \& Sons}
}

@article{cover1967nearest,
  title={Nearest neighbor pattern classification},
  author={Cover, Thomas and Hart, Peter},
  journal={IEEE transactions on information theory},
  volume={13},
  number={1},
  pages={21--27},
  year={1967},
  publisher={IEEE}
}

@inbook{doi:10.1002/9780470977811.ch8,

publisher = {John Wiley & Sons, Ltd},
isbn = {9780470977811},
title = {Miscellaneous Clustering Methods},
booktitle = {Cluster Analysis},
chapter = {8},
pages = {215-255},
doi = {10.1002/9780470977811.ch8},
url = {https://onlinelibrary.wiley.com/doi/abs/10.1002/9780470977811.ch8},
eprint = {https://onlinelibrary.wiley.com/doi/pdf/10.1002/9780470977811.ch8},
year = {2011},
keywords = {clustering methods, constrained clustering, density search, fuzzy clustering, mode analysis, neural network, overlapping clusters}
}

@article{theodoridis1998pattern,
  title={Pattern recognition},
  author={Theodoridis, Sergios and Koutroumbas, Konstantinos},
  year={1998},
  publisher={Academic press}
}

@article{tibshirani2003class,
  title={Class prediction by nearest shrunken centroids, with applications to DNA microarrays},
  author={Tibshirani, Robert and Hastie, Trevor and Narasimhan, Balasubramanian and Chu, Gilbert and others},
  journal={Statistical Science},
  volume={18},
  number={1},
  pages={104--117},
  year={2003},
  publisher={Institute of Mathematical Statistics}
}

@article{levner2005feature,
  title={Feature selection and nearest centroid classification for protein mass spectrometry},
  author={Levner, Ilya},
  journal={BMC bioinformatics},
  volume={6},
  number={1},
  pages={68},
  year={2005},
  publisher={BioMed Central}
}

@article{sharma2010improved,
  title={Improved nearest centroid classifier with shrunken distance measure for null LDA method on cancer classification problem},
  author={Sharma, Alokanand and Paliwal, KK},
  journal={Electronics letters},
  volume={46},
  number={18},
  pages={1251--1252},
  year={2010},
  publisher={IET}
}

@article{tan2008improved,
  title={An improved centroid classifier for text categorization},
  author={Tan, Songbo},
  journal={Expert Systems with Applications},
  volume={35},
  number={1-2},
  pages={279--285},
  year={2008},
  publisher={Elsevier}
}

@article{cortina2010analysis,
  title={Analysis of pesticide mixtures using intelligent biosensors},
  author={Cortina-Puig, Montserrat and Istamboulie, Georges and Noguer, Thierry and Marty, Jean-Louis},
  journal={Intelligent and Biosensors},
  pages={205--216},
  year={2010},
  publisher={BoD--Books on Demand}
}
